@Article{Bourdin2008,
  Title                    = {The {V}ariational {A}pproach to {F}racture},
  Author                   = {Bourdin, B. and Francfort, G. A. and Marigo, J-J.},
  Journal                  = {J. Elast.},
  Year                     = {2008},
  Number                   = {1},
  Pages                    = {5--148},
  Volume                   = {91},
  Doi                      = {10.1007/s10659-007-9107-3},
  ISSN                     = {1573-2681}
}